% Encoding: UTF-8
@online{automotiveInCentralEurope,
  title     = {Production statistics},
  organization = {OICA},
  year      = {2022},
  url       = {https://www.oica.net/category/production-statistics/},
  note = {Accessed: 01 03, 2024}
}

@online{ElonMusk,
  title     = {Elon Musk: Model S not a car but a 'sophisticated computer on wheels'},
  organization = {Los Angeles Times},
  year      = {2015},
  url       = {https://www.latimes.com/business/autos/la-fi-hy-musk-computer-on-wheels-20150319-story.html},
  note = {Accessed: 01 03, 2024}
}

@online{ieeeSoftwareDefinedVehicle,
  title     = {SDV: Software Defined Vehicles},
  organization = {IEEE},
  year      = {2021},
  url       = {https://cmte.ieee.org/futuredirections/2022/11/01/sdv-software-defined-vehicles/},
  note = {Accessed: 01 03, 2024}
}

@article{blackberrySDV,
  author    = {Blackberry QNX},
  title     = {What Is a Software-Defined Vehicle?},
  journal   = {Software-Defined Vehicles},
  year      = {2024},
  url       = {https://blackberry.qnx.com/en/ultimate-guides/software-defined-vehicle},
}

@article{ISO26262,
  author    = {ISO Society},
  title     = {Functional safety},
  journal   = {ISO 26262-1:2018 Road vehicles},
  number    = {2},
  year      = {2018},
  url       = {https://www.iso.org/obp/ui/en/#iso:std:68383:en},
}

@article{NISTCodeComplexity,
  author    = {Charles Daniel De Oliveira Elizabeth N. Fong and Paul E. Black},
  title     = {Impact of Code Complexity On Software Analysis},
  journal   = {NIST IR},
  volume    = {8165},
  number    = {upd1},
  pages     = {1--12},
  year      = {2017},
  url       = {https://nvlpubs.nist.gov/nistpubs/ir/2017/NIST.IR.8165.pdf},
  doi       = {https://doi.org/10.6028/NIST.IR.8165-upd1},
}

@online{StormReplySite,
  title     = {WHO WE ARE},
  organization  = {Storm Reply},
  year      = {2024},
  url       = {https://www.reply.com/storm-reply/en/},
  note = {Accessed: 01 03, 2024}
}

@article{AWSGlobalInfrastructure,
  author    = {AWS},
  title     = {AWS Global Infrastructure},
  journal   = {About-aws},
  year      = {2024},
  url       = {https://aws.amazon.com/about-aws/global-infrastructure/ },
}

@article{GartnerMagicQuadrant,
  author    = {Jim Scheibmeir and Svetlana Sicular and Arun Batchu and Mike Fang and Van Baker and Frank O'Connor},
  title     = {Magic Quadrant for Cloud AI Developer Services},
  journal   = {Gartner},
  year      = {2023},
  url       = {https://pages.awscloud.com/Gartner-Magic-Quadrant-for-Cloud-AI-Developer-Services.html?trk=d59e704f-4f30-4d43-8902-eb63c3692af4&sc_channel=el },
}

@article{SDVBoschMobility,
  author    = {Dirk Slama and Achim Nonnenmacher and Thomas Irawan},
  title     = {The Software-Defined Vehicle},
  journal   = {A Digital-First Approach to Creating Next-Generation Experiences},
  pages     = {1--6},
  year      = {2023},
  url       = {https://www.bosch-mobility.com/media/global/mobility-topics/mobility-topics/software-defined-vehicle/ },
}

@article{CostsOfSoftwareDeveloping,
  author    = {MATTIAS KARLSSON and LINUS SCHÃ–NBECK},
  title     = {Department of Technology Management and Economics},
  journal   = {CHALMERS UNIVERSITY OF TECHNOLOGY},
  pages     = {11},
  year      = {2018},
  url       = {https://odr.chalmers.se/server/api/core/bitstreams/077c3440-c033-418e-92ed-eda5dd638c5f/content},
}

@online{SDVRenault,
  title     = {What is Software Defined Vehicle?},
  organization     = {Renault Group},
  year      = {2024},
  url       = {https://www.renaultgroup.com/en/news-on-air/news/all-about-software-defined-vehicle/},
  note = {Accessed: 01 03, 2024}
}

@online{SDVBosch,
  title     = {What is a software-defined vehicle in your opinion?},
  organization     = {Achim Nonnenmacher and Lead Product},
  year      = {2024},
  url       = {https://www.bosch-mobility.com/en/mobility-topics/software-defined-vehicle/?gad_source=1},
  note = {Accessed: 01 03, 2024}
}

@article{PredictDefectsOfTiresInHeavyVehicle,
  author    = {Bhanu Jaisri .R. G and Radha. P},
  title     = {IoT Based System to Predict the Defects of Tires in Heavy Vehicle},
  journal   = {International Conference on Sustainable Communication Networks and Application (ICSCNA)},
  pages     = {1},
  year      = {2023},
  url       = {https://ieeexplore.ieee.org/document/10370342},
  doi       = {10.1109/ICSCNA58489.2023.10370342},
}

@article{AirPressureSystemFailurePrediction,
  author    = {K Tamil Selvi and N Praveena and K Pratheksha and S Ragunanthan and R Thamilselvan},
  title     = {Air Pressure System Failure Prediction and Classification in Scania Trucks using Machine Learning},
  journal   = {Second International Conference on Artificial Intelligence and Smart Energy (ICAIS)},
  pages     = {1},
  year      = {2022},
  url       = {https://ieeexplore.ieee.org/document/9742716},
  doi       = {10.1109/ICAIS53314.2022.9742716},
}

@online{DevelopersWorkflow,
  title     = {Building an Automotive Embedded Linux Image for Edge and Cloud Using Arm-based Graviton Instances, Yocto Project, and SOAFEE},
  organization     = {Luke Harvey Marcio da Ros Gomes and Sebastian Goscik},
  year      = {2022},
  url       = {https://aws.amazon.com/blogs/industries/},
  note = {Accessed: 01 03, 2024}
}

@online{SoafeeProject,
  title     = {Achieving Software-Defined Vehicles},
  organization     = {SOAFEE project},
  year      = {2023},
  url       = {https://www.soafee.io/},
  note = {Accessed: 01 03, 2024}
}

@online{SoafeeArchitectureOverview,
  title     = {Architecture Overview},
  organization     = {SOAFEE project and Matt Spencer},
  year      = {2023},
  url       = {https://architecture.docs.soafee.io/en/latest/contents/overview.html},
  note = {Accessed: 01 03, 2024}
}

@online{SoafeeArchitecture,
  title     = {Architecture},
  organization     = {SOAFEE project and Matt Spencer},
  year      = {2023},
  url       = {https://architecture.docs.soafee.io/en/latest/contents/architecture.html},
  note = {Accessed: 01 03, 2024}
}

@online{ArmAutomotive,
  title     = {Do You Have the Right Tools?},
  organization     = {Arm},
  year      = {2024},
  url       = {https://www.arm.com/developer-hub/embedded-systems/automotive-tools},
  note = {Accessed: 01 03, 2024}
}

@article{SnapdragonDigitalChassis,
  author    = {Qualcomm},
  title     = {Snapdragon Digital Chassis},
  year      = {2024},
  url       = {https://developer.qualcomm.com/software/digital-chassis},
}


@article{Open-sourceSWUpdate,
  author    = {Abhishek Kumar Srivastava and Kirana CS and Dilip Lilaramani and Rakshitha R and Kavya Sree},
  title     = {An open-source SWUpdate and Hawkbit framework for OTA Updates of RISC-V based resource constrained devices},
  journal   = {2nd International Conference on Communication, Computing and Industry 4.0},
  pages     = {1},
  year      = {2022},
  url       = {https://ieeexplore.ieee.org/document/9689433},
  doi       = {10.1109/C2I454156.2021.9689433},
}

@article{EnhancedMulti-LevelSecureUpdate,
  author    = {Mona Helmy and Mohamed Mahmoud},
  title     = {Enhanced Multi-Level Secure Over-the-Air Update System using Adaptive AUTOSAR},
  journal   = {International Conference on Computer and Applications},
  pages     = {1},
  year      = {2023},
  url       = {https://ieeexplore.ieee.org/document/10401797},
  doi       = {10.1109/ICCA59364.2023.10401797},
}

@online{AutosarAbout,
  title     = {Vision},
  organization    = {Autosar},
  year      = {2024},
  url       = {https://www.autosar.org/about},
  note = {Accessed: 01 03, 2024}
}

@article{MQTTVersion5.0,
  author    = {Andrew Banks and Ed Briggs and Ken Borgendale and Rahul Gupta},
  title     = {MQTT Version 5.0},
  journal   = {OASIS Standard},
  pages     = {10 -- 13},
  year      = {2020},
  url       = {https://docs.oasis-open.org/mqtt/mqtt/v5.0/os/mqtt-v5.0-os.pdf},
}

@online{MQTTAWS,
  title     = {What are MQTT components?},
  organization    = {AWS},
  year      = {2024},
  url       = {https://aws.amazon.com/it/what-is/mqtt/},
  note = {Accessed: 01 03, 2024}
}

@online{WhatIsAWS,
  title     = {Cloud computing with AWS},
  organization    = {AWS},
  year      = {2024},
  url       = {https://aws.amazon.com/what-is-aws/},
  note = {Accessed: 01 03, 2024}
}

@online{EuAmazonWebServices,
  title     = {Amazon Web Services},
  organization    = {AWS},
  year      = {2024},
  url       = {https://www.aboutamazon.eu/what-we-do/amazon-web-services},
  note = {Accessed: 01 03, 2024}
}

@online{AboutAWS,
  title     = {About AWS},
  organization    = {AWS},
  year      = {2024},
  url       = {https://docs.aws.amazon.com/whitepapers/latest/gxp-systems-on-aws/about-aws.html},
  note = {Accessed: 01 03, 2024}
}

@online{AWSWhatIsCloudComputing,
  title     = {What is cloud computing?},
  organization    = {AWS},
  year      = {2024},
  url       = {https://aws.amazon.com/what-is-cloud-computing/},
  note = {Accessed: 01 03, 2024}
}

@online{AWSCloudComputing,
  title     = {AWS Cloud Security},
  organization    = {AWS},
  year      = {2024},
  url       = {https://docs.aws.amazon.com/whitepapers/latest/gxp-systems-on-aws/aws-cloud-security.html},
  note = {Accessed: 01 03, 2024}
}

@online{AWSSecurity,
  title     = {AWS Cloud Security},
  organization    = {AWS},
  year      = {2024},
  url       = {https://aws.amazon.com/security/},
  note = {Accessed: 01 03, 2024}
}

@online{AWSCertificationsAndAttestations,
  title     = {AWS Certifications and Attestations},
  organization    = {AWS},
  year      = {2024},
  url       = {https://docs.aws.amazon.com/whitepapers/latest/gxp-systems-on-aws/aws-certifications-and-attestations.html},
  note = {Accessed: 01 03, 2024}
}

@online{GxPCompliance,
  title     = {GxP},
  organization    = {AWS},
  year      = {2024},
  url       = {https://aws.amazon.com/compliance/gxp-part-11-annex-11/?nc1=h_ls},
  note = {Accessed: 02 29, 2024}
}

@article{NISTCloudComputing,
  author    = {Rebecca M. Blank, Acting Secretary},
  title     = {The NIST Definition of Cloud Computing},
  journal   = {National Institute of Standards and Technology Special Publication 800-145},
  pages     = {1},
  year      = {2012},
  url       = {https://nvlpubs.nist.gov/nistpubs/legacy/sp/nistspecialpublication800-145.pdf},
}

@online{AWSRegions,
  title     = {Use AWS Regions},
  organization    = {AWS},
  year      = {2024},
  url       = {https://docs.aws.amazon.com/sdk-for-java/latest/developer-guide/region-selection.html},
  note = {Accessed: 05 03, 2024}
}

@online{AWSPrivatePublicHybrid,
  title     = {Selecting the right cloud for workloads - differences between public, private, and hybrid},
  organization    = {AWS},
  year      = {2024},
  url       = {https://docs.aws.amazon.com/whitepapers/latest/public-sector-cloud-transformation/selecting-the-right-cloud-for-workloads-differences-between-public-private-and-hybrid.html},
  note = {Accessed: 05 03, 2024}
}

@article{CloudComputing,
  author    = {Nayan B. Ruparelia},
  title     = {Cloud Computing},
  journal   = {The MIT Press Essential Knowledge Series},
  pages     = {278},
  year      = {2016},
  url       = {https://ebookcentral.proquest.com/lib/polito-ebooks/reader.action?docID=4527741&query=cloud+computing+},
}

@online{AWSSOC3,
  title     = {System and Organization Controls 3 (SOC 3) Report},
  organization = {Amazon.com, Inc. or its affiliates},
  journal   = {Report on the Amazon Web Services System Relevant to Security, Availability, Confidentiality, and Privacy For the Period October 1, 2022 - September 30, 2023},
  pages     = {1--53},
  year      = {2023},
  url       = {https://d1.awsstatic.com/whitepapers/compliance/AWS_SOC3.pdf},
}

@online{Fedramp,
  title     = {FedRAMP},
  organization = {AWS},
  year      = {2024},
  url       = {https://aws.amazon.com/compliance/fedramp/},
  note = {Accessed: 05 03, 2024}
}

@online{ISO9001,
  title     = {ISO 9001:2015 Quality management systems Requirements},
  organization = {ISO},
  year      = {2015},
  url       = {https://www.iso.org/standard/62085.html},
  note = {Accessed: 05 03, 2024}
}

@online{AWSISO9001,
  title     = {ISO 9001:2015 Compliance},
  organization = {AWS},
  year      = {2024},
  url       = {https://aws.amazon.com/compliance/iso-9001-faqs/},
  note = {Accessed: 05 03, 2024}
}

@online{ISOIEC27001,
  title     = {ISO/IEC 27001:2022},
  organization = {AWS},
  year      = {2024},
  url       = {https://aws.amazon.com/compliance/iso-27001-faqs/},
  note = {Accessed: 05 03, 2024}
}

@online{ISOIEC27017,
  title     = {ISO/IEC 27017:2015 Information technology Security techniques},
  organization = {ISO},
  year      = {2015},
  url       = {https://www.iso.org/standard/43757.html},
  note = {Accessed: 05 03, 2024}
}

@online{AWSISOIEC27017,
  title     = {ISO/IEC 27017:2015 Compliance},
  organization = {AWS},
  year      = {2024},
  url       = {https://aws.amazon.com/compliance/iso-27017-faqs/},
  note = {Accessed: 05 03, 2024}
}

@online{AWSISOIEC27018,
  title     = {ISO/IEC 27018:2019 Compliance},
  organization = {AWS},
  year      = {2024},
  url       = {https://aws.amazon.com/compliance/iso-27018-faqs/},
  note = {Accessed: 05 03, 2024}
}

@online{AWSHITRUSTCSF,
  title     = {HITRUST CSF},
  organization = {AWS},
  year      = {2024},
  url       = {https://aws.amazon.com/compliance/hitrust/},
  note = {Accessed: 05 03, 2024}
}

@online{AWSCSA,
  title     = {Cloud Security Alliance (CSA)},
  organization = {AWS},
  year      = {2024},
  url       = {https://aws.amazon.com/compliance/csa/},
  note = {Accessed: 05 03, 2024}
}

@online{WhatIsTheAWSCDK,
  title     = {What is the AWS CDK?},
  organization = {AWS},
  year      = {2024},
  url       = {https://docs.aws.amazon.com/cdk/v2/guide/home.html},
  note = {Accessed: 06 03, 2024}
}

@online{AWSIoTCore,
  title     = {What is AWS IoT?},
  organization = {AWS},
  year      = {2024},
  url       = {https://docs.aws.amazon.com/iot/latest/developerguide/what-is-aws-iot.html},
  note = {Accessed: 06 03, 2024}
}

@online{AWSIoTGreengrass,
  title     = {What is AWS IoT Greengrass?},
  organization = {AWS},
  year      = {2024},
  url       = {https://docs.aws.amazon.com/greengrass/v2/developerguide/what-is-iot-greengrass.html},
  note = {Accessed: 06 03, 2024}
}

@online{AWSSDK,
  title     = {What's the AWS SDK for JavaScript?},
  organization = {AWS},
  year      = {2024},
  url       = {https://docs.aws.amazon.com/sdk-for-javascript/v3/developer-guide/welcome.html},
  note = {Accessed: 06 03, 2024}
}

@online{AWSIAM,
  title     = {AWS Identity and Access Management Documentation},
  organization = {AWS},
  year      = {2024},
  url       = {https://docs.aws.amazon.com/iam/},
  note = {Accessed: 06 03, 2024}
}

@online{AWSamazonS3,
  title     = {What is Amazon S3?},
  organization = {AWS},
  year      = {2024},
  url       = {https://docs.aws.amazon.com/AmazonS3/latest/userguide/Welcome.html},
  note = {Accessed: 06 03, 2024}
}

@online{AWSLambda,
  title     = {AWS Lambda Documentation},
  organization = {AWS},
  year      = {2024},
  url       = {https://docs.aws.amazon.com/lambda/},
  note = {Accessed: 06 03, 2024}
}

@online{AWSCodecommit,
  title     = {AWS CodeCommit Documentation},
  organization = {AWS},
  year      = {2024},
  url       = {https://docs.aws.amazon.com/codecommit/},
  note = {Accessed: 06 03, 2024}
}

@online{AWSCodebuild,
  title     = {What is AWS CodeBuild?},
  organization = {AWS},
  year      = {2024},
  url       = {https://docs.aws.amazon.com/codebuild/latest/userguide/welcome.html},
  note = {Accessed: 06 03, 2024}
}

@online{AWSCodepipeline,
  title     = {AWS CodePipeline},
  organization = {AWS},
  year      = {2024},
  url       = {https://aws.amazon.com/codepipeline/},
  note = {Accessed: 06 03, 2024}
}

@online{AmazonECR,
  title     = {What is Amazon Elastic Container Registry?},
  organization = {AWS},
  year      = {2024},
  url       = {https://docs.aws.amazon.com/AmazonECR/latest/userguide/what-is-ecr.html},
  note = {Accessed: 06 03, 2024}
}

@online{AWSECR,
  title     = {Amazon Elastic Container Registry},
  organization = {AWS},
  year      = {2024},
  url       = {https://aws.amazon.com/it/ecr/},
  note = {Accessed: 06 03, 2024}
}

@online{AWSEC2,
  title     = {What is Amazon EC2?},
  organization = {AWS},
  year      = {2024},
  url       = {https://docs.aws.amazon.com/AWSEC2/latest/UserGuide/concepts.html},
  note = {Accessed: 06 03, 2024}
}

@online{AWSSM,
  title     = {AWS Systems Manager Documentation},
  organization = {AWS},
  year      = {2024},
  url       = {https://docs.aws.amazon.com/systems-manager/},
  note = {Accessed: 06 03, 2024}
}

@online{AWSKinesis,
  title     = {What Is Amazon Kinesis Data Streams?},
  organization = {AWS},
  year      = {2024},
  url       = {https://docs.aws.amazon.com/streams/latest/dev/introduction.html},
  note = {Accessed: 06 03, 2024}
}

@online{AmazonKinesis,
  title     = {Amazon Kinesis Data Streams Terminology and Concepts},
  organization = {AWS},
  year      = {2024},
  url       = {https://docs.aws.amazon.com/streams/latest/dev/key-concepts.html},
  note = {Accessed: 06 03, 2024}
}

@online{AWSTimestream,
  title     = {What is Amazon Timestream?},
  organization = {AWS},
  year      = {2024},
  url       = {https://docs.aws.amazon.com/timestream/latest/developerguide/what-is-timestream.html},
  note = {Accessed: 06 03, 2024}
}

@online{AWSDynamoDB,
  title     = {What is Amazon DynamoDB?},
  organization = {AWS},
  year      = {2024},
  url       = {https://docs.aws.amazon.com/amazondynamodb/latest/developerguide/Introduction.html},
  note = {Accessed: 06 03, 2024}
}

@online{AWSCloudwatch,
  title     = {What is Amazon CloudWatch?},
  organization = {AWS},
  year      = {2024},
  url       = {https://docs.aws.amazon.com/AmazonCloudWatch/latest/monitoring/WhatIsCloudWatch.html},
  note = {Accessed: 06 03, 2024}
}

@online{raspberrypi,
  title     = {Raspberry Pi 4},
  organization = {Raspberry Pi},
  year      = {2024},
  url       = {https://www.raspberrypi.com/products/raspberry-pi-4-model-b/},
  note = {Accessed: 07 03, 2024}
}

@online{HawkbitDockerCompose,
  title     = {From Docker Image},
  organization = {eclipse},
  year      = {2024},
  url       = {https://eclipse.dev/hawkbit/gettingstarted/},
  note = {Accessed: 10 03, 2024}
}